<?xml version="1.0" encoding="UTF-8"?><collection xmlns="http://www.loc.gov/MARC21/slim"><record><leader>00548nam--2200181-i-4500</leader><controlfield tag="001">000014981</controlfield><controlfield tag="002">20161230</controlfield><controlfield tag="005">20161230201031</controlfield><controlfield tag="008">060222s1000------------r-----000-0-eng-d</controlfield><datafield ind1=" " ind2=" " tag="040"><subfield code="a">IFIN-HH</subfield></datafield><datafield ind1=" " ind2=" " tag="080"><subfield code="a">537.8</subfield></datafield><datafield ind1="1" ind2=" " tag="100"><subfield code="a">Clemmow, P. C</subfield></datafield><datafield ind1="1" ind2="9" tag="245"><subfield code="a">The plane wave spectrum representation of electromagnetic fields</subfield><subfield code="c">P.c. clemmow</subfield></datafield><datafield ind1=" " ind2=" " tag="260"><subfield code="a">Oxford</subfield><subfield code="b">Pergamon Press</subfield><subfield code="c">1966</subfield></datafield><datafield ind1=" " ind2=" " tag="300"><subfield code="a">VII + 185 P</subfield></datafield><datafield ind1=" " ind2=" " tag="490"><subfield code="a">Intenational Series Of Monographs In Electromagnetic Waves</subfield><subfield code="v">Volume 12</subfield></datafield><datafield ind1=" " ind2=" " tag="852"><subfield code="a">76196</subfield><subfield code="c">537:538</subfield></datafield><datafield ind1=" " ind2=" " tag="CAT"><subfield code="a">Sys</subfield><subfield code="c">20110628</subfield><subfield code="h">160142</subfield></datafield></record></collection>